@inproceedings{grosser2015optimistic,
  title={Optimistic delinearization of parametrically sized arrays},
  author={Grosser, Tobias and Ramanujam, Jagannathan and Pouchet, Louis-Noel and Sadayappan, Ponnuswamy and Pop, Sebastian},
  booktitle={Proceedings of the 29th ACM on International Conference on Supercomputing},
  pages={351--360},
  year={2015},
  organization={ACM}
}

@article{maslov1992delinearization,
  title={Delinearization: an efficient way to break multiloop dependence equations},
  author={Maslov, Vadim},
  journal={ACM Sigplan Notices},
  volume={27},
  number={7},
  pages={152--161},
  year={1992},
  publisher={ACM}
}
